<collection xmlns="http://www.loc.gov/MARC21/slim">
<record>
  <leader>00943nam0a22002411i 450 </leader>
  <controlfield tag="001">IT\ICCU\CNCE\032144</controlfield>
  <controlfield tag="005">19990204000000.0</controlfield>
  <datafield tag="100" ind1=" " ind2=" ">
    <subfield code="a">19971210d1587        0itac0103    ba</subfield>
  </datafield>
  <datafield tag="101" ind1=" " ind2=" ">
    <subfield code="a">LAT</subfield>
  </datafield>
  <datafield tag="102" ind1=" " ind2=" ">
    <subfield code="a">IT</subfield>
  </datafield>
  <datafield tag="200" ind1="1" ind2=" ">
    <subfield code="a">℗... ℗Gallia</subfield>
  </datafield>
  <datafield tag="210" ind1=" " ind2=" ">
    <subfield code="a">Romae</subfield>
    <subfield code="c">\ex typ. Titi &amp; Pauli de Dianis!</subfield>
    <subfield code="d">1587</subfield>
  </datafield>
  <datafield tag="215" ind1=" " ind2=" ">
    <subfield code="a">27 p.</subfield>
    <subfield code="c">front. inc.</subfield>
    <subfield code="d">8ʻ</subfield>
  </datafield>
  <datafield tag="620" ind1=" " ind2=" ">
    <subfield code="a">IT</subfield>
    <subfield code="d">Roma</subfield>
  </datafield>
  <datafield tag="700" ind1=" " ind2="1">
    <subfield code="a">Leblanc,</subfield>
    <subfield code="b">Guillaume</subfield>
    <subfield code="3">IT\ICCU\CNCA\011936</subfield>
  </datafield>
  <datafield tag="712" ind1="0" ind2="0">
    <subfield code="a">Diani, Tito &amp; Diani, Paolo</subfield>
    <subfield code="3">IT\ICCU\CNCT\000350</subfield>
    <subfield code="4">650</subfield>
  </datafield>
  <datafield tag="790" ind1=" " ind2="1">
    <subfield code="a">Blancus,</subfield>
    <subfield code="b">Guilielmus</subfield>
    <subfield code="3">IT\ICCU\CNCA\012665</subfield>
    <subfield code="z">Leblanc, Guillaume</subfield>
  </datafield>
  <datafield tag="790" ind1=" " ind2="1">
    <subfield code="a">Blanc,</subfield>
    <subfield code="b">Guillame</subfield>
    <subfield code="3">IT\ICCU\CNCA\014490</subfield>
    <subfield code="z">Leblanc, Guillaume</subfield>
  </datafield>
  <datafield tag="790" ind1=" " ind2="1">
    <subfield code="a">Du_Blanc,</subfield>
    <subfield code="b">Guillaume</subfield>
    <subfield code="3">IT\ICCU\CNCA\023806</subfield>
    <subfield code="z">Leblanc, Guillaume</subfield>
  </datafield>
  <datafield tag="790" ind1=" " ind2="1">
    <subfield code="a">Blanc,</subfield>
    <subfield code="b">Guillaume : le</subfield>
    <subfield code="3">IT\ICCU\CNCA\023807</subfield>
    <subfield code="z">Leblanc, Guillaume</subfield>
  </datafield>
  <datafield tag="801" ind1=" " ind2="3">
    <subfield code="a">IT</subfield>
    <subfield code="b">ICCU</subfield>
    <subfield code="c">20201114</subfield>
  </datafield>
  <datafield tag="899" ind1=" " ind2=" ">
    <subfield code="a">Biblioteca nazionale centrale. Firenze</subfield>
    <subfield code="1">FI0098</subfield>
    <subfield code="2">CFI CF</subfield>
  </datafield>
  <datafield tag="899" ind1=" " ind2=" ">
    <subfield code="a">Biblioteca universitaria. Padova</subfield>
    <subfield code="1">PD0158</subfield>
    <subfield code="2">PUV 00</subfield>
  </datafield>
</record>
</collection>
